@incollection{rouss:2000,
      author      = "Peter J. Rousseeuw and Katrien Van Driessen",
      title       = "An Algorithm for Positive-Breakdown Regression Based on Concentration Steps",
      editor      = "W. Gaul, O. Opitz, M. Schader",
      booktitle   = "Data Analysis: Scientific Modeling and Practical Application",
      publisher   = "Springer-Verlag Berlin Heidelberg",
      year        = 2000,
      pages       = "335--346"
    }

@MANUAL{iso690,
	organization = "\'U\v rad pro technickou normalizaci, metrologii a st\'atn\'\i{} zku\v sebnictv\'\i{}",
	title = "\v CSN ISO 690 Informace a dokumentace -- Pravidla pro bibliografick\'e odkazy a citace informa\v cn\'\i{}ch zdroj{\r u}",
	year = "2011"
}

@BOOK{rybicka,
	title = "LaTeX pro za\v c\'ate\v cn\'\i{}ky",
	author = "Ji{\v r}{\' i} Rybicka",
	isbn = "80-7302-049-1",
	publisher = "Brno: Konvoj",
	edition = "3"
}


@MANUAL{svgspec,
    title = "Scalable Vector Graphics (SVG) 1.1 Specification {[online]}",
    organization = "WWW Consorcium",
    url = "http://www.w3.org/TR/2003/REC-SVG11-20030114/",
    note = "[cit. 2011-07-07]",
    key = "svg"
}

@INBOOK{kobltypo,
	title = "Praktick{\' a} typografie",
	author = "Pavel Ko{\v c}i{\v c}ka and Filip Blazek",
	publisher = "Brno: Computer Press",
	year = "2004"
}

@ARTICLE {sitova-karta-s-fpga-xilinx,
    title  = "Síťová karta s FPGA Xilinx pro 1 a 10GbE",
    journal = "V: Pandatron - elektrotechnický magazín {[online]}",
    howpublished = "[online]",
    month  = "červen",
    year   = "2013",
    note = "[cit. 2015-10-31]",
    url    = "http://pandatron.cz/?2939&sitova_karta_s_fpga_xilinx_pro_1_a_10gbe"
}


@inproceedings{HC92,
    author = "R. Nigel Horspool and Gordon V. Cormack",
    title = "Constructing Word-Based Text Compression Algorithms",
    booktitle = "Data Compression Conference",
    pages = "62--71",
    year = "1992"
}


@ARTICLE{SS82,
	AUTHOR = "James A. Storer and Thomas G. Szymanski",
	TITLE = "Data compression via textual substitution",
	JOURNAL = "J. ACM",
	YEAR = "1982",
	VOLUME = "29",
	NUMBER = "4",
	PAGES = "928--951",
	PUBLISHER = "ACM",
	ADDRESS = "New York, NY, USA"
}

@ARTICLE{LZ78,
    AUTHOR = "Jacob Ziv and Abraham Lempel",
    TITLE = "Compression of Individual Sequences via Variable-Rate Coding",
    JOURNAL = "IEEE Transactions on Information Theory",
    YEAR = "1978",
    VOLUME = "24",
    NUMBER = "5",
    PAGES = "530--536",
    MONTH = "September"
}

@ARTICLE{LZW84,
    AUTHOR = {T. A. Welch},
    TITLE = {A Technique for High-Performance Data Compression},
    JOURNAL = {Computer},
    VOLUME = {17},
    NUMBER = {6},
    YEAR = {1984},
    PAGES= {8--19},
    PUBLISHER = {IEEE Computer Society Press},
    ADDRESS = {Los Alamitos, CA, USA}
}

@ARTICLE{HLLW72,
  AUTHOR    = {Wilbur D. Hagamen and
               David J. Linden and
               Harvey S. Long and
               John C. Weber},
  TITLE     = {Encoding Verbal Information as Unique Numbers},
  JOURNAL   = {IBM Systems Journal},
  VOLUME    = {11},
  NUMBER    = {4},
  YEAR      = {1972},
  PAGES     = {278--315}
}

@article{Sh48,
	title = {A Mathematical Theory of Communication},
	author = {C. E. Shannon},
	journal = {The Bell System Technical Journal},
	month = {July, October},
	pages = {379--423, 623--656},
	volume = {27},
	year = {1948}
}

@article{BS86,
 author = {Jon Louis Bentley and Daniel D. Sleator and Robert E. Tarjan and Victor K. Wei},
 title = {A locally adaptive data compression scheme},
 journal = {Communications ACM},
 volume = {29},
 number = {4},
 year = {1986},
 pages = {320--330},
 publisher = {ACM},
 address = {New York, NY, USA}
}

@INPROCEEDINGS{HC84,
	AUTHOR       = {R. Nigel Horspool and Gordon V. Cormack},
	TITLE        = {A general purpose data compression technique with practical applications},
	BOOKTITLE    = {Proceedings of the CIPS Session 84},
	YEAR         = {1984},
	PAGES        = {138--141}
}