@incollection{rouss:2000,
      author      = "Peter J. Rousseeuw and Katrien Van Driessen",
      title       = "An Algorithm for Positive-Breakdown Regression Based on Concentration Steps",
      editor      = "W. Gaul, O. Opitz, M. Schader",
      booktitle   = "Data Analysis: Scientific Modeling and Practical Application",
      publisher   = "Springer-Verlag Berlin Heidelberg",
      year        = 2000,
      pages       = "335--346"
    }

@article{rouss:1990,
author = {Rousseeuw, Peter and C. van Zomeren, Bert},
year = {1990},
month = {06},
pages = {633-639},
title = {Unmasking Multivariate Outliers and Leverage Points},
volume = {85},
journal = {Journal of The American Statistical Association - J AMER STATIST ASSN},
doi = {10.1080/01621459.1990.10474920}
}

@article{rouss:1986,
  title={Least median of squares: a robust method for outlier and model error detection in regression and calibration},
  author={Massart, Desire L and Kaufman, Leonard and Rousseeuw, Peter J and Leroy, Annick},
  journal={Analytica Chimica Acta},
  volume={187},
  pages={171--179},
  year={1986},
  publisher={Elsevier}
}

@article{hawkins:1994,
  title={The feasible solution algorithm for least trimmed squares regression},
  author={Hawkins, Douglas M},
  journal={Computational statistics \& data analysis},
  volume={17},
  number={2},
  pages={185--196},
  year={1994},
  publisher={Elsevier}
}

@article{bai2003random,
  title={A random least-trimmed-squares identification algorithm},
  author={Bai, Er-Wei},
  journal={Automatica},
  volume={39},
  number={9},
  pages={1651--1659},
  year={2003},
  publisher={Elsevier}
}

@book{rousseeuw1987robust,
  title={Robust regression and outlier detection},
  author={Rousseeuw, Peter J and Leroy, Annick M},
  year={1987},
  publisher={John wiley \& sons}
}

@article{hawkins1999improved,
  title={Improved feasible solution algorithms for high breakdown estimation},
  author={Hawkins, Douglas M and Olive, David J},
  journal={Computational statistics \& data analysis},
  volume={30},
  number={1},
  pages={1--11},
  year={1999},
  publisher={Elsevier}
}

@article{atkinson1991simulated,
  title={Simulated annealing for the detection of multiple outliers using least squares and least median of squares fitting},
  author={Atkinson, Anthony C and Weisberg, Sanford},
  journal={Institute for Mathematics and Its Applications},
  volume={33},
  pages={7},
  year={1991}
}

@article{agullo2001new,
  title={New algorithms for computing the least trimmed squares regression estimator},
  author={Agull{\'o}, Jos{\'e}},
  journal={Computational Statistics \& Data Analysis},
  volume={36},
  number={4},
  pages={425--439},
  year={2001},
  publisher={Elsevier}
}


@article{bartlett1951inverse,
  title={An inverse matrix adjustment arising in discriminant analysis},
  author={Bartlett, Maurice S},
  journal={The Annals of Mathematical Statistics},
  volume={22},
  number={1},
  pages={107--111},
  year={1951},
  publisher={JSTOR}
}


@inproceedings{krishnamoorthy2013matrix,
  title={Matrix inversion using Cholesky decomposition},
  author={Krishnamoorthy, Aravindh and Menon, Deepak},
  booktitle={2013 Signal Processing: Algorithms, Architectures, Arrangements, and Applications (SPA)},
  pages={70--72},
  year={2013},
  organization={IEEE}
}

@article{hammarling2008updatingqr,
  title={Updating the QR factorization and the least squares problem},
  author={Hammarling, Sven and Lucas, Craig},
  year={2008},
  publisher={Manchester Institute for Mathematical Sciences, University of Manchester}
}


@article{hofmann2010matrix,
  title={Matrix strategies for computing the least trimmed squares estimation of the general linear and sur models},
  author={Hofmann, Marc and Kontoghiorghes, Erricos John},
  journal={Computational Statistics \& Data Analysis},
  volume={54},
  number={12},
  pages={3392--3403},
  year={2010},
  publisher={Elsevier}
}


@mastersthesis{kloudaVyzkumnyUkol,
  type={Bachelor's Thesis},
  title= {Studium senzitivity odhadu metodou nejmen{\v s}{\'i}ch usekan{\'y}ch {\v c}vterc{\r u}},
  author={Klouda, Karel},
  school       = {Technical University of Prague, Faculty of Nuclear Sciences and Physical Engineering, Department of Mathematics},
  year         = 2006
}


@article{klouda2015exact,
  title={An exact polynomial time algorithm for computing the least trimmed squares estimate},
  author={Klouda, Karel},
  journal={Computational Statistics \& Data Analysis},
  volume={84},
  pages={27--40},
  year={2015},
  publisher={Elsevier}
}







@article{rousseeuw1984least,
  title={Least median of squares regression},
  author={Rousseeuw, Peter J},
  journal={Journal of the American statistical association},
  volume={79},
  number={388},
  pages={871--880},
  year={1984},
  publisher={Taylor \& Francis}
}


@techreport{bernholt2006robust,
  title={Robust estimators are hard to compute},
  author={Bernholt, Thorsten},
  year={2006},
  institution={Technical Report/Universit{\"a}t Dortmund, SFB 475 Komplexit{\"a}tsreduktion}
}





@article{strassen1969gaussian,
  title={Gaussian elimination is not optimal},
  author={Strassen, Volker},
  journal={Numerische mathematik},
  volume={13},
  number={4},
  pages={354--356},
  year={1969},
  publisher={Springer}
}


@article{coppersmith1990matrix,
  title={Matrix multiplication via arithmetic progressions},
  author={Coppersmith, Don and Winograd, Shmuel},
  journal={Journal of symbolic computation},
  volume={9},
  number={3},
  pages={251--280},
  year={1990},
  publisher={Academic Press}
}

@article{ballard2015improving,
  title={Improving the numerical stability of fast matrix multiplication},
  author={Ballard, Grey and Benson, Austin R and Druinsky, Alex and Lipshitz, Benjamin and Schwartz, Oded},
  journal={arXiv preprint arXiv:1507.00687},
  year={2015}
}

@article{hoare1961algorithm,
  title={Algorithm 65: find},
  author={Hoare, Charles AR},
  journal={Communications of the ACM},
  volume={4},
  number={7},
  pages={321--322},
  year={1961},
  publisher={ACM}
}









@BOOK{laug,
      AUTHOR = {Anderson, E. and Bai, Z. and Bischof, C. and
                Blackford, S. and Demmel, J. and Dongarra, J. and
                Du Croz, J. and Greenbaum, A. and Hammarling, S. and
                McKenney, A. and Sorensen, D.},
      TITLE = {{LAPACK} Users' Guide},
      EDITION = {Third},
      PUBLISHER = {Society for Industrial and Applied Mathematics},
      YEAR = {1999},
      ADDRESS = {Philadelphia, PA},
      ISBN = {0-89871-447-8 (paperback)} }


@MANUAL{iso690,
	organization = "\'U\v rad pro technickou normalizaci, metrologii a st\'atn\'\i{} zku\v sebnictv\'\i{}",
	title = "\v CSN ISO 690 Informace a dokumentace -- Pravidla pro bibliografick\'e odkazy a citace informa\v cn\'\i{}ch zdroj{\r u}",
	year = "2011"
}

@BOOK{rybicka,
	title = "LaTeX pro za\v c\'ate\v cn\'\i{}ky",
	author = "Ji{\v r}{\' i} Rybicka",
	isbn = "80-7302-049-1",
	publisher = "Brno: Konvoj",
	edition = "3"
}


@MANUAL{svgspec,
    title = "Scalable Vector Graphics (SVG) 1.1 Specification {[online]}",
    organization = "WWW Consorcium",
    url = "http://www.w3.org/TR/2003/REC-SVG11-20030114/",
    note = "[cit. 2011-07-07]",
    key = "svg"
}

@INBOOK{kobltypo,
	title = "Praktick{\' a} typografie",
	author = "Pavel Ko{\v c}i{\v c}ka and Filip Blazek",
	publisher = "Brno: Computer Press",
	year = "2004"
}

@ARTICLE {sitova-karta-s-fpga-xilinx,
    title  = "Síťová karta s FPGA Xilinx pro 1 a 10GbE",
    journal = "V: Pandatron - elektrotechnický magazín {[online]}",
    howpublished = "[online]",
    month  = "červen",
    year   = "2013",
    note = "[cit. 2015-10-31]",
    url    = "http://pandatron.cz/?2939&sitova_karta_s_fpga_xilinx_pro_1_a_10gbe"
}


@inproceedings{HC92,
    author = "R. Nigel Horspool and Gordon V. Cormack",
    title = "Constructing Word-Based Text Compression Algorithms",
    booktitle = "Data Compression Conference",
    pages = "62--71",
    year = "1992"
}


@ARTICLE{SS82,
	AUTHOR = "James A. Storer and Thomas G. Szymanski",
	TITLE = "Data compression via textual substitution",
	JOURNAL = "J. ACM",
	YEAR = "1982",
	VOLUME = "29",
	NUMBER = "4",
	PAGES = "928--951",
	PUBLISHER = "ACM",
	ADDRESS = "New York, NY, USA"
}

@ARTICLE{LZ78,
    AUTHOR = "Jacob Ziv and Abraham Lempel",
    TITLE = "Compression of Individual Sequences via Variable-Rate Coding",
    JOURNAL = "IEEE Transactions on Information Theory",
    YEAR = "1978",
    VOLUME = "24",
    NUMBER = "5",
    PAGES = "530--536",
    MONTH = "September"
}

@ARTICLE{LZW84,
    AUTHOR = {T. A. Welch},
    TITLE = {A Technique for High-Performance Data Compression},
    JOURNAL = {Computer},
    VOLUME = {17},
    NUMBER = {6},
    YEAR = {1984},
    PAGES= {8--19},
    PUBLISHER = {IEEE Computer Society Press},
    ADDRESS = {Los Alamitos, CA, USA}
}

@ARTICLE{HLLW72,
  AUTHOR    = {Wilbur D. Hagamen and
               David J. Linden and
               Harvey S. Long and
               John C. Weber},
  TITLE     = {Encoding Verbal Information as Unique Numbers},
  JOURNAL   = {IBM Systems Journal},
  VOLUME    = {11},
  NUMBER    = {4},
  YEAR      = {1972},
  PAGES     = {278--315}
}

@article{Sh48,
	title = {A Mathematical Theory of Communication},
	author = {C. E. Shannon},
	journal = {The Bell System Technical Journal},
	month = {July, October},
	pages = {379--423, 623--656},
	volume = {27},
	year = {1948}
}

@article{BS86,
 author = {Jon Louis Bentley and Daniel D. Sleator and Robert E. Tarjan and Victor K. Wei},
 title = {A locally adaptive data compression scheme},
 journal = {Communications ACM},
 volume = {29},
 number = {4},
 year = {1986},
 pages = {320--330},
 publisher = {ACM},
 address = {New York, NY, USA}
}

@INPROCEEDINGS{HC84,
	AUTHOR       = {R. Nigel Horspool and Gordon V. Cormack},
	TITLE        = {A general purpose data compression technique with practical applications},
	BOOKTITLE    = {Proceedings of the CIPS Session 84},
	YEAR         = {1984},
	PAGES        = {138--141}
}